
@article{moraga-gonzalezPricesHeterogeneousSearch2017,
	title = {Prices and heterogeneous search costs},
	volume = {48},
	issn = {07416261},
	url = {https://onlinelibrary.wiley.com/doi/10.1111/1756-2171.12170},
	doi = {10.1111/1756-2171.12170},
	language = {en},
	number = {1},
	urldate = {2023-06-14},
	journal = {The RAND Journal of Economics},
	author = {Moraga-González, José Luis and Sándor, Zsolt and Wildenbeest, Matthijs R.},
	month = mar,
	year = {2017},
	pages = {125--146},
	file = {Moraga-González 等 - 2017 - Prices and heterogeneous search costs.pdf:/Users/hubertcheung/Zotero/storage/7EBZMG2F/Moraga-Gonzalez 等 - 2017 - Prices and heterogeneous search costs.pdf:application/pdf},
}


@article{declippelCompetingConsumerInattention2014a,
	title = {Competing for {Consumer} {Inattention}},
	volume = {122},
	issn = {0022-3808, 1537-534X},
	url = {https://www.journals.uchicago.edu/doi/10.1086/677253},
	doi = {10.1086/677253},
	language = {en},
	number = {6},
	urldate = {2023-06-14},
	journal = {Journal of Political Economy},
	author = {De Clippel, Geoffroy and Eliaz, Kfir and Rozen, Kareen},
	month = dec,
	year = {2014},
	pages = {1203--1234},
	file = {De Clippel 等 - 2014 - Competing for Consumer Inattention.pdf:/Users/hubertcheung/Zotero/storage/YKGPG6X7/De Clippel 等 - 2014 - Competing for Consumer Inattention.pdf:application/pdf},
}
